%%%%%%%%%%%%
% ARTICLES %
%%%%%%%%%%%%

@conference{Chen1996,
  author = {Ming-Syan Chen and Jiawei Han and Philip S. Yu},
  title = {{Data Mining: An Overview from a Database Perspective}},
  booktitle = {IEEE Transactions on Knowledge and Data Engineering},
  pages = {866-883},
  volume = {8},
  number = {6},
  year = {1996}
}

@article{IBM2006,
  title = {An architectural blueprint for autonomic computing},
  volume={36},
  number={June},
  journal={Quality},
  publisher={Citeseer},
  author={IBM},
  year={2006},
  pages={34}
}

@article{Hahsler2007,
  author = {Michael Hahsler and Bettina Gr√ºn and Kurt Hornik},
  title = {Introduction to arules: Mining Association Rules and Frequent Item Sets },
  journal = {SIGKDD Explorations},
  year = {2007},
  volume = {2},
  pages = {4}
}

@article{Quinlan1986,
  author = {Quinlan, J. R.},
  title = {Induction of Decision Trees},
  journal = {Mach. Learn.},
  volume = {1},
  number = {1},
  month = mar,
  year = {1986},
  issn = {0885-6125},
  pages = {81--106},
  numpages = {26},
  publisher = {Kluwer Academic Publishers}
}

@inproceedings{Fayyad1996,
  author = {Usama Fayyad and Gregory Piatetsky-shapiro and Padhraic Smyth},
  title = {Knowledge Discovery and Data Mining: Towards a Unifying Framework},
  booktitle = {Proceedings of the Second International Conference on Knowledge Discovery and Data Mining (KDD-96), Portland, Oregon, August 2-4, 1996},
  year = {1996},
  pages = {82--88},
  publisher = {AAAI Press}
}

@article{Frawley1992,
  author    = {William J. Frawley and Gregory Piatetsky-Shapiro and Christopher J. Matheus},
  title     = {Knowledge Discovery in Databases: An Overview},
  journal   = {AI Magazine},
  volume    = {13},
  number    = {3},
  year      = {1992},
  pages     = {57-70},
}

@inproceedings{Garner1995,
  title={Weka: The waikato environment for knowledge analysis},
  author={Garner, Stephen R.},
  booktitle={Proceedings of the New Zealand computer science research students conference},
  pages={57--64},
  year={1995},
  organization={Citeseer}
}

@article{Quinlan1987,
  title={Simplifying decision trees},
  author={Quinlan, J.R.},
  journal={International journal of man-machine studies},
  volume={27},
  number={3},
  pages={221--234},
  year={1987},
  publisher={Elsevier}
}

@inproceedings{Quinlan1987b,
  title={Generating production rules from decision trees},
  author={Quinlan, J.R.},
  booktitle={Proceedings of the Tenth International Joint Conference on Artificial Intelligence},
  volume={30107},
  pages={304--307},
  year={1987},
  organization={Citeseer}
}

@article{Provost2003,
  title={Tree induction for probability-based ranking},
  author={Provost, F. and Domingos, P.},
  journal={Machine Learning},
  volume={52},
  number={3},
  pages={199--215},
  year={2003},
  publisher={Springer}
}

@article{Chu2011,
  title={A comparative analysis of methods for probability estimation tree},
  author={Chu, N. and Ma, L. and Liu, P. and Hu, Y. and Zhou, M.},
  journal={WSEAS Transactions on Computers},
  volume={10},
  number={3},
  pages={71--80},
  year={2011},
  publisher={World Scientific and Engineering Academy and Society (WSEAS)}
}

@article{Chawla2004,
  title={Editorial: special issue on learning from imbalanced data sets},
  author={Chawla, N.V. and Japkowicz, N. and Kotcz, A.},
  journal={ACM SIGKDD Explorations Newsletter},
  volume={6},
  number={1},
  pages={1--6},
  year={2004},
  publisher={ACM}
}

@article{Japkowicz2002,
  title={The class imbalance problem: A systematic study},
  author={Japkowicz, N. and Stephen, S.},
  journal={Intelligent data analysis},
  volume={6},
  number={5},
  pages={429--449},
  year={2002},
  publisher={IOS Press}
}

@inproceedings{Frank1998,
  author = {Eibe Frank and Ian H. Witten},
  booktitle = {Fifteenth International Conference on Machine Learning},
  editor = {J. Shavlik},
  pages = {144-151},
  publisher = {Morgan Kaufmann},
  title = {Generating Accurate Rule Sets Without Global Optimization},
  year = {1998}
}

@article{Weiss2001,
  title={The Effect of Class Distribution on Classifier Learning: An Empirical Study},
  author={Weiss, G.M. and Provost, F.},
  journal={Rutgers Univ},
  year={2001}
}

@inproceedings{Richardson2007,
  title={Predicting clicks: estimating the click-through rate for new ads},
  author={Richardson, M. and Dominowska, E. and Ragno, R.},
  booktitle={Proceedings of the 16th international conference on World Wide Web},
  pages={521--530},
  year={2007},
  organization={ACM}
}

@inproceedings{Zhang2011,
  title={Got traffic?: an evaluation of click traffic providers},
  author={Zhang, Q. and Ristenpart, T. and Savage, S. and Voelker, G.M.},
  booktitle={Proceedings of the 2011 Joint WICOW/AIRWeb Workshop on Web Quality},
  pages={19--26},
  year={2011},
  organization={ACM}
}

@article{Dave2012,
  title={Measuring and Fingerprinting Click-Spam in Ad Networks},
  author={Dave, V. and Guha, S. and Zhang, Y.},
  journal={Proceedings of the Special Interest Group on Data Communication (SIGCOMM)},
  year={2012}
}

@article{Watson1999,
  title={Case-based reasoning is a methodology not a technology},
  author={Watson, I.},
  journal={Knowledge-Based Systems},
  volume={12},
  number={5},
  pages={303--308},
  year={1999},
  publisher={Elsevier}
}

@article{Goldfarb2011,
  title={Online Display Advertising: Targeting and Obtrusiveness},
  author={Goldfarb, A. and Tucker, C.},
  year={2011},
  publisher={INFORMS}
}

@inproceedings{Thomaidou2011,
  title={Multiword Keyword Recommendation System for Online Advertising},
  author={Thomaidou, S. and Vazirgiannis, M.},
  booktitle={2011 International Conference on Advances in Social Networks Analysis and Mining},
  pages={423--427},
  year={2011},
  organization={IEEE}
}

@inproceedings{Joshi2006,
  title={Keyword generation for search engine advertising},
  author={Joshi, A. and Motwani, R.},
  booktitle={Data Mining Workshops, 2006. ICDM Workshops 2006. Sixth IEEE International Conference on},
  pages={490--496},
  year={2006},
  organization={IEEE}
}

@article{Lesot2009,
  title={Similarity measures for binary and numerical data: a survey},
  author={Lesot, MJ and Rifqi, M. and Benhadda, H.},
  journal={International Journal of Knowledge Engineering and Soft Data Paradigms},
  volume={1},
  number={1},
  pages={63--84},
  year={2009},
  publisher={Inderscience}
}

%%%%%%%%%
% BOOKS %
%%%%%%%%%
@book{Witten2011,
  author = {Witten, Ian H. and Frank, Eibe and Hall, Mark A.},
  edition = {3rd},
  publisher = {Morgan Kaufmann},
  series = {Morgan Kaufmann Series in Data Management Systems},
  title = {Data Mining: Practical Machine Learning Tools and Techniques},
  year = 2011
}

@book{Milton2002,
  title={Introduction to probability and statistics: principles and applications for engineering and the computing sciences},
  edition={4th},
  author={Milton, J.S. and Arnold, J.C.},
  year={2002},
  publisher={McGraw-Hill, Inc.}
}

%%%%%%%
% WEB %
%%%%%%%

